@article{Peleg2014,
  author = {Peleg, Tomer and Elad, Michael},
  title = {{A Statistical Prediction Model based on Sparse Representations for Single Image Super-Resolution}},
  journal = {IEEE Transactions on Image Processing},
  volume = {23},
  number = {6},
  pages = {2569--2582},
  year = {2014}
}

@article{Liu2014,
  author = {Liu, Ce and Sun, Deqing}, 
  title = {{On Bayesian Adaptive Video Super Resolution}},
  journal = {IEEE Transactions on Pattern Analysis and Machine Intelligence},
  volume = {36},
  number = {2},
  pages = {346--360},
  year = {2014},
  publisher={IEEE}
}

@article{Candes2014,
  author = {Cand{\`e}s, Emmanuel J and Fernandez-Granda, Carlos},
  title = {{Towards a Mathematical Theory of Super-resolution}},
  journal = {Communications on Pure and Applied Mathematics},
  volume = {67},
  number = {6},
  pages = {906--956},
  year = {2014},
  publisher = {Wiley Online Library}
}

@mastersthesis{Rezio2011,
  author = {Ana Carolina Correia Rézio},
  title = {{Super-Resolução de Imagens Baseada em Aprendizado Utilizando Descritores de Características}},
  school = {Instituto de Computação, Universidade Estadual de Campinas},
  month = aug,
  year = 2011,
}

@ARTICLE{Almeida2003,
  author = {Leandro Luiz de Almeida and Antonio Maria Garcia Tommaselli},
  title = {{Melhoramento da Resolução a partir de Sequências de Imagens}},
  journal = {Boletim de Ciências Geodésicas},
  year = {2003},
  volume = {9},
  pages = {163--178},
  number = {2},
  month = {Julho-Dezembro}
}

@BOOK{Barrett2004,
  author = {H.H. Barrett and K.J. Myers},
  title = {{Foundations of Image Science}},
  publisher = {John Wiley \& Sons},
  year = {2004},
}

@INPROCEEDINGS{Bascle1996,
  author = {B. Bascle and A. Blake and A. Zisserman},
  title = {{Motion Deblurring and Super-resolution from an Image Sequence}},
  booktitle = {Proceedings of the Fourth European Conference on Computer Vision},
  year = {1996},
  pages = {573--582},
  publisher = {Springer-Verlag}
}

@MASTERSTHESIS{Beca2008,
  author = {Narciso António Vaz Beça},
  title = {{Construção de uma Câmara de Alta Sensibilidade e Baixa Resolução para Super Resolução}},
  school = {Faculdade de Ciências e Tecnologia de Coimbra},
  year = {2008}
}

@INPROCEEDINGS{Borman1998,
  author = {Sean Borman and Robert L. Stevenson},
  title = {{Super-Resolution from Image Sequences - A Review}},
  booktitle = {Proceeding of the 1998 Midwest Symposium on Circuits and Systems},
  year = {1998},
  pages = {374--378}
}

@INPROCEEDINGS{Chang2004,
  author = {Hong Chang and Dit-Yan Yeung and Yimin Xiong},
  title = {{Super-Resolution through Neighbor Embedding}},
  booktitle = {Proceedings IEEE Computer Society Conference on Computer Vision and Pattern Recognition},
  year = {2004},
  pages = {275--282}
}

@BOOK{Book01,
  author = {Subhasis Chaudhuri},
  title = {{Super-Resolution Imaging}},
  publisher = {{Kluwer Academic Publishers}},
  year = {2001},
}

@TECHREPORT{Destobbeleire2002,
  author = {Régis Destobbeleire},
  title = {{Super-Resolution}},
  institution = {Instituto de Matemática Pura e Aplicada},
  year = {2002},
  address = {Rio de Janeiro-RJ}
}

@ARTICLE{Elad1999,
  author = {Elad, M. and Feuer, A.},
  title = {{Super-Resolution Reconstruction of Image Sequences}},
  journal = {IEEE Transactions on Pattern Analysis and Machine Intelligence},
  year = {1999},
  volume = {21},
  pages = {817--834},
  number = {9},
  month = sep,
}

@ARTICLE{Farsiu2004Advancesand,
  author = {Sina Farsiu and Dirk Robinson and Michael Elad and Peyman Milanfar},
  title = {{Advances and Challenges in Super-Resolution}},
  journal = {International Journal of Imaging Systems and Technology},
  year = {2004},
  volume = {14},
  pages = {47--57}
}

@ARTICLE{Farsiu2004,
  author = {Farsiu, S. and Robinson, M. D. and Elad, M. and Milanfar, P.},
  title = {{Fast and Robust Multiframe Super Resolution}},
  journal = {IEEE Transactions on image processing},
  year = {2004},
  volume = {13},
  pages = {1327--1344},
  number = {10},
  month = oct,
}

@ARTICLE{Freeman2002,
  author = {Freeman, W. T. and Jones, T. R. and Pasztor, E. C.},
  title = {{Example-based Super-Resolution}},
  journal = {IEEE Computer Graphics and Appications},
  year = {2002},
  volume = {22},
  pages = {56--65},
  number = {2},
  month = mar,
}

@PHDTHESIS{Junior2008,
  author = {Miguel Archanjo Bacellar Goes {Telles Junior}},
  title = {{Super-Resolução de Imagens de Sensoriamento Remoto}},
  school = {Universidade de Brasília},
  year = {2008}
}

@INPROCEEDINGS{Bacellar2007,
  author = {Miguel Archanjo Bacellar Goes Telles Junior and Antônio Nuno de Castro Santa Rosa},
  title = {{Super-Resolução de Imagens CBERS 2}},
  booktitle = {XIII Simpósio Brasileiro de Sensoriamento Remoto},
  year = {2007},
  pages = {1197--1204}
}

@ARTICLE{Moon2003,
  author = {Moon Gi Kang and Subhasis Chaudhuri},
  title = {{Superresolution Image Reconstruction}},
  journal = {IEEE Signal Processing Magazine},
  year = {2003},
  volume = {20},
  pages = {19--20},
  number = {3},
  month = may
}

@ARTICLE{Patti2001,
  author = {Patti, A. J. and Altunbasak, Y.},
  title = {{Artifact Reduction for Set Theoretic Super Resolution Image Reconstruction with Edge Adaptive Constraints and Higher-Order Interpolants}},
  journal = {IEEE Transactions on Image Processing},
  year = {2001},
  volume = {10},
  pages = {179--186},
  number = {1},
  month = jan,
}

@INPROCEEDINGS{Rubert2004,
  author = {Cleber Rubert and Leila Fonseca and Luiz Velho},
  title = {{Super-Resolução de Imagens de Sensores Remotos Usando a Transformada de Cor YUV para Estimação das Altas Frequências}},
  booktitle = {IV Workshop dos Cursos de Computação Aplicada},
  year = {2004},
  organization = {INPE}
}

@ARTICLE{Schultz1996,
  author = {Schultz, R. R. and Stevenson, R. L.},
  title = {{Extraction of High-Tesolution Frames from Video Sequences}},
  journal = {IEEE Transactions on Image Processing},
  year = {1996},
  volume = {5},
  pages = {996--1011},
  number = {6},
  month = jun,
}

@MASTERSTHESIS{Silva2009,
  author = {Fernanda Brandi da Silva},
  title = {{Super-Resolução Utilizando Quadros Chaves em Sequências de Vídeo de Resolução Mista}},
  school = {Universidade de Brasília},
  year = {2009}
}

@ARTICLE{Stiller1999,
  author = {Stiller, C. and Konrad, J.},
  title = {{Estimating Motion in Image Sequences}},
  journal = {IEEE Signal Processing Magazine},
  year = {1999},
  volume = {16},
  pages = {70--91},
  number = {4},
  month = jul,
}

@INPROCEEDINGS{Liu2008,
  author = {Xueting Liu and Daojin Song and Chuandai Dong and and Hongkui Li},
  title = {{MAP-Based Image Super-Resolution Reconstruction}},
  booktitle = {Proceedings of world academy of science},
  year = {2008},
  pages = {208--211}
}

@INPROCEEDINGS{Zibetti2007,
  author = {Marcelo Victor Wüst Zibetti and Joceli Mayer},
  title = {{Super-Resolução Aplicada em Sensoriamento Remoto}},
  booktitle = {XIII Simpósio Brasileiro de Sensoriamento Remoto},
  year = {2007},
  pages = {6407--6414}
}




%% Mais de Interpolação Temporal:


@inproceedings{Meyer2015,
  doi = {10.1109/cvpr.2015.7298747},
  url = {https://doi.org/10.1109%2Fcvpr.2015.7298747},
  year  = {2015},
  month = {jun},
  publisher = {{IEEE}},
  author = {Simone Meyer and Oliver Wang and Henning Zimmer and Max Grosse and Alexander Sorkine-Hornung},
  title = {Phase-based frame interpolation for video},
  booktitle = {2015 {IEEE} Conference on Computer Vision and Pattern Recognition ({CVPR})}
}

@article{Shi2017,
  doi = {10.1142/s0218001417580010},
  url = {https://doi.org/10.1142%2Fs0218001417580010},
  year  = {2017},
  month = {jan},
  publisher = {World Scientific Pub Co Pte Lt},
  volume = {31},
  number = {01},
  pages = {1758001},
  author = {Zhiyong Shi and Fengchun Tian and Minjun Deng and Depeng Liu},
  title = {Motion-Compensated Temporal Frame Interpolation Algorithm Based on Global Entirety Unidirectional Motion Estimation and Local Fast Bidirectional Motion Estimation},
  journal = {International Journal of Pattern Recognition and Artificial Intelligence}
}

@inproceedings{Ghutke2016,
	doi = {10.1109/spcom.2016.7746607},
	url = {https://doi.org/10.1109%2Fspcom.2016.7746607},
	year = 2016,
	month = {jun},
	publisher = {{IEEE}},
	author = {Ragina Ghutke},
	title = {Temporal video frame interpolation using new cubic motion compensation technique},
	booktitle = {2016 International Conference on Signal Processing and Communications ({SPCOM})}
}

